
@misc{noauthor_mandelbrot_nodate,
	title = {Mandelbrot set - {Techniques} for computer generated pictures in complex dynamics},
	url = {https://www.math.univ-toulouse.fr/~cheritat/wiki-draw/index.php/Mandelbrot_set},
	urldate = {2018-11-05},
	file = {Mandelbrot set - Techniques for computer generated pictures in complex dynamics:C\:\\Users\\DarthMarcellus\\Zotero\\storage\\KQQT3Q7D\\Mandelbrot_set.html:text/html}
}

@misc{jfp_how_2015,
	type = {{CT}915},
	title = {How {To} {Quickly} {Compute} {The} {Mandelbrot} {Set} {In} {Python} ({IT} {Best} {Kept} {Secret} {Is} {Optimization})},
	copyright = {Copyright IBM Corporation 2012},
	url = {https://www.ibm.com/developerworks/community/blogs/jfp/entry/How_To_Compute_Mandelbrodt_Set_Quickly},
	abstract = {Introduction My Christmas Gift was about creating nice images of the Mandelbrot set. A comment on reddit make me write this sequel. The comment is suggesting that I should use a vectorized version of the code rather than the sequential one I am using. I take this excellent suggestion as an excuse to review several ways of computing the Mandelbrot set in Python using vectorized code and gpu computing. I will specifically have a look at Numpy, NumExpr, Numba, Cython, TensorFlow, PyOpenCl, and PyCUDA. All timings, except for TensorFlow, are measured using Python 3.5 provided by Anaconda . I...},
	language = {en},
	urldate = {2018-11-05},
	author = {jfp},
	month = dec,
	year = {2015},
	file = {Snapshot:C\:\\Users\\DarthMarcellus\\Zotero\\storage\\F7HDDT95\\How_To_Compute_Mandelbrodt_Set_Quickly.html:text/html}
}

@book{heinz-otto_beauty_1986,
	series = {(1986, {Springer}-{Verlag} {Berlin} {Heidelberg})},
	title = {The {Beauty} of {Fractals}\_ {Images} of {Complex} {Dynamical} {Systems} {Prof}. {Dr}.  {Peitgen}, {Prof}. {Dr}. (auth.) -},
	author = {Heinz-Otto, Peitgen and H. Richter, Peter},
	year = {1986}
}

@misc{nylander_fractals_nodate,
	title = {Fractals},
	url = {http://bugman123.com/Fractals/index.html},
	urldate = {2018-12-17},
	author = {Nylander, Paul},
	file = {Fractals:C\:\\Users\\DarthMarcellus\\Zotero\\storage\\VPD87DZ6\\index.html:text/html}
}

@misc{noauthor_sierpinski_nodate,
	title = {Sierpinski triangle - {Rosetta} {Code}},
	url = {https://rosettacode.org/wiki/Sierpinski_triangle#Python},
	urldate = {2018-12-17},
	file = {Sierpinski triangle - Rosetta Code:C\:\\Users\\DarthMarcellus\\Zotero\\storage\\TA2Y49YI\\Sierpinski_triangle.html:text/html}
}

@misc{noauthor_sierpinski_nodate-1,
	title = {Sierpinski triangle - {Wikipedia}},
	url = {https://en.wikipedia.org/w/index.php?title=Sierpinski_triangle&oldid=862710452},
	urldate = {2018-12-22},
	file = {Sierpinski triangle - Wikipedia:C\:\\Users\\DarthMarcellus\\Zotero\\storage\\BWGVNH6P\\index.html:text/html}
}